@article{kreidberg14a,
	Adsnote = {Provided by the SAO/NASA Astrophysics Data System},
	Adsurl = {http://adsabs.harvard.edu/abs/2014Natur.505...69K},
	Archiveprefix = {arXiv},
	Author = {{Kreidberg}, L. and {Bean}, J.~L. and {D{\'e}sert}, J.-M. and {Benneke}, B. and {Deming}, D. and {Stevenson}, K.~B. and {Seager}, S. and {Berta-Thompson}, Z. and {Seifahrt}, A. and {Homeier}, D.},
	Doi = {10.1038/nature12888},
	Eprint = {1401.0022},
	Journal = {\nat},
	Month = jan,
	Pages = {69-72},
	Primaryclass = {astro-ph.EP},
	Title = {{Clouds in the atmosphere of the super-Earth exoplanet GJ1214b}},
	Volume = 505,
	Year = 2014,
	Bdsk-Url-1 = {http://dx.doi.org/10.1038/nature12888}}


@article{kreidberg14b,
	Adsnote = {Provided by the SAO/NASA Astrophysics Data System},
	Adsurl = {http://adsabs.harvard.edu/abs/2014ApJ...793L..27K},
	Archiveprefix = {arXiv},
	Author = {{Kreidberg}, L. and {Bean}, J.~L. and {D{\'e}sert}, J.-M. and {Line}, M.~R. and {Fortney}, J.~J. and {Madhusudhan}, N. and {Stevenson}, K.~B. and {Showman}, A.~P. and {Charbonneau}, D. and {McCullough}, P.~R. and {Seager}, S. and {Burrows}, A. and {Henry}, G.~W. and {Williamson}, M. and {Kataria}, T. and {Homeier}, D.},
	Doi = {10.1088/2041-8205/793/2/L27},
	Eid = {L27},
	Eprint = {1410.2255},
	Journal = {\apjl},
	Keywords = {planets and satellites: atmospheres, planets and satellites: composition, planets and satellites: individual: WASP-43b},
	Month = oct,
	Pages = {L27},
	Primaryclass = {astro-ph.EP},
	Title = {{A Precise Water Abundance Measurement for the Hot Jupiter WASP-43b}},
	Volume = 793,
	Year = 2014,
	Bdsk-Url-1 = {http://dx.doi.org/10.1088/2041-8205/793/2/L27}}


@ARTICLE{stevenson16,
   author = {{Stevenson}, K.~B.},
    title = "{Quantifying and Predicting the Presence of Clouds in Exoplanet Atmospheres}",
  journal = {\apjl},
archivePrefix = "arXiv",
   eprint = {1601.03492},
 primaryClass = "astro-ph.EP",
 keywords = {methods: analytical, planets and satellites: atmospheres, techniques: spectroscopic},
     year = 2016,
    month = feb,
   volume = 817,
      eid = {L16},
    pages = {L16},
      doi = {10.3847/2041-8205/817/2/L16},
   adsurl = {http://adsabs.harvard.edu/abs/2016ApJ...817L..16S},
  adsnote = {Provided by the SAO/NASA Astrophysics Data System}
}

@ARTICLE{evans16,
   author = {{Evans}, T.~M. and {Sing}, D.~K. and {Wakeford}, H.~R. and {Nikolov}, N. and 
	{Ballester}, G.~E. and {Drummond}, B. and {Kataria}, T. and 
	{Gibson}, N.~P. and {Amundsen}, D.~S. and {Spake}, J.},
    title = "{Detection of H$_{2}$O and Evidence for TiO/VO in an Ultra-hot Exoplanet Atmosphere}",
  journal = {\apjl},
archivePrefix = "arXiv",
   eprint = {1604.02310},
 primaryClass = "astro-ph.EP",
 keywords = {planets and satellites: atmospheres, stars: individual: WASP-121, techniques: photometric, techniques: spectroscopic},
     year = 2016,
    month = may,
   volume = 822,
      eid = {L4},
    pages = {L4},
      doi = {10.3847/2041-8205/822/1/L4},
   adsurl = {http://adsabs.harvard.edu/abs/2016ApJ...822L...4E},
  adsnote = {Provided by the SAO/NASA Astrophysics Data System}
}


@ARTICLE{line16,
   author = {{Line}, M.~R. and {Stevenson}, K.~B. and {Bean}, J. and {Desert}, J.-M. and 
	{Fortney}, J.~J. and {Kreidberg}, L. and {Madhusudhan}, N. and 
	{Showman}, A.~P. and {Diamond-Lowe}, H.},
    title = "{No Thermal Inversion and a Solar Water Abundance for the Hot Jupiter HD 209458b from HST/WFC3 Spectroscopy}",
  journal = {\aj},
archivePrefix = "arXiv",
   eprint = {1605.08810},
 primaryClass = "astro-ph.EP",
 keywords = {methods: statistical, planets and satellites: atmospheres, planets and satellites: composition, planets and satellites: gaseous planets, planets and satellites: individual: HD 209458b, techniques: spectroscopic},
     year = 2016,
    month = dec,
   volume = 152,
      eid = {203},
    pages = {203},
      doi = {10.3847/0004-6256/152/6/203},
   adsurl = {http://adsabs.harvard.edu/abs/2016AJ....152..203L},
  adsnote = {Provided by the SAO/NASA Astrophysics Data System}
}
@ARTICLE{deming13,
   author = {{Deming}, D. and {Wilkins}, A. and {McCullough}, P. and {Burrows}, A. and 
	{Fortney}, J.~J. and {Agol}, E. and {Dobbs-Dixon}, I. and {Madhusudhan}, N. and 
	{Crouzet}, N. and {Desert}, J.-M. and {Gilliland}, R.~L. and 
	{Haynes}, K. and {Knutson}, H.~A. and {Line}, M. and {Magic}, Z. and 
	{Mandell}, A.~M. and {Ranjan}, S. and {Charbonneau}, D. and 
	{Clampin}, M. and {Seager}, S. and {Showman}, A.~P.},
    title = "{Infrared Transmission Spectroscopy of the Exoplanets HD 209458b and XO-1b Using the Wide Field Camera-3 on the Hubble Space Telescope}",
  journal = {\apj},
archivePrefix = "arXiv",
   eprint = {1302.1141},
 primaryClass = "astro-ph.EP",
 keywords = {planetary systems, planets and satellites: atmospheres, techniques: photometric, techniques: spectroscopic},
     year = 2013,
    month = sep,
   volume = 774,
      eid = {95},
    pages = {95},
      doi = {10.1088/0004-637X/774/2/95},
   adsurl = {http://adsabs.harvard.edu/abs/2013ApJ...774...95D},
  adsnote = {Provided by the SAO/NASA Astrophysics Data System}
}


@ARTICLE{bean10,
   author = {{Bean}, J.~L. and {Miller-Ricci Kempton}, E. and {Homeier}, D.
	},
    title = "{A ground-based transmission spectrum of the super-Earth exoplanet GJ 1214b}",
  journal = {\nat},
archivePrefix = "arXiv",
   eprint = {1012.0331},
 primaryClass = "astro-ph.EP",
     year = 2010,
    month = dec,
   volume = 468,
    pages = {669-672},
      doi = {10.1038/nature09596},
   adsurl = {http://adsabs.harvard.edu/abs/2010Natur.468..669B},
  adsnote = {Provided by the SAO/NASA Astrophysics Data System}
}

@ARTICLE{lockwood14,
   author = {{Lockwood}, A.~C. and {Johnson}, J.~A. and {Bender}, C.~F. and 
	{Carr}, J.~S. and {Barman}, T. and {Richert}, A.~J.~W. and {Blake}, G.~A.
	},
    title = "{Near-IR Direct Detection of Water Vapor in Tau Bo{\"o}tis b}",
  journal = {\apjl},
archivePrefix = "arXiv",
   eprint = {1402.0846},
 primaryClass = "astro-ph.EP",
 keywords = {planets and satellites: atmospheres, techniques: spectroscopic},
     year = 2014,
    month = mar,
   volume = 783,
      eid = {L29},
    pages = {L29},
      doi = {10.1088/2041-8205/783/2/L29},
   adsurl = {http://adsabs.harvard.edu/abs/2014ApJ...783L..29L},
  adsnote = {Provided by the SAO/NASA Astrophysics Data System}
}


@ARTICLE{martins15,
   author = {{Martins}, J.~H.~C. and {Santos}, N.~C. and {Figueira}, P. and 
	{Faria}, J.~P. and {Montalto}, M. and {Boisse}, I. and {Ehrenreich}, D. and 
	{Lovis}, C. and {Mayor}, M. and {Melo}, C. and {Pepe}, F. and 
	{Sousa}, S.~G. and {Udry}, S. and {Cunha}, D.},
    title = "{Evidence for a spectroscopic direct detection of reflected light from <ASTROBJ>51 Pegasi b</ASTROBJ>}",
  journal = {\aap},
archivePrefix = "arXiv",
   eprint = {1504.05962},
 primaryClass = "astro-ph.EP",
 keywords = {planetary systems, planets and satellites: detection, techniques: spectroscopic, techniques: radial velocities},
     year = 2015,
    month = apr,
   volume = 576,
      eid = {A134},
    pages = {A134},
      doi = {10.1051/0004-6361/201425298},
   adsurl = {http://adsabs.harvard.edu/abs/2015A%26A...576A.134M},
  adsnote = {Provided by the SAO/NASA Astrophysics Data System}
}

@ARTICLE{tinetti07,
   author = {{Tinetti}, G. and {Vidal-Madjar}, A. and {Liang}, M.-C. and 
	{Beaulieu}, J.-P. and {Yung}, Y. and {Carey}, S. and {Barber}, R.~J. and 
	{Tennyson}, J. and {Ribas}, I. and {Allard}, N. and {Ballester}, G.~E. and 
	{Sing}, D.~K. and {Selsis}, F.},
    title = "{Water vapour in the atmosphere of a transiting extrasolar planet}",
  journal = {\nat},
     year = 2007,
    month = jul,
   volume = 448,
    pages = {169-171},
      doi = {10.1038/nature06002},
   adsurl = {http://adsabs.harvard.edu/abs/2007Natur.448..169T},
  adsnote = {Provided by the SAO/NASA Astrophysics Data System}
}
@ARTICLE{swain08,
   author = {{Swain}, M.~R. and {Vasisht}, G. and {Tinetti}, G.},
    title = "{The presence of methane in the atmosphere of an extrasolar planet}",
  journal = {\nat},
     year = 2008,
    month = mar,
   volume = 452,
    pages = {329-331},
      doi = {10.1038/nature06823},
   adsurl = {http://adsabs.harvard.edu/abs/2008Natur.452..329S},
  adsnote = {Provided by the SAO/NASA Astrophysics Data System}
}
@ARTICLE{gibson11,
   author = {{Gibson}, N.~P. and {Pont}, F. and {Aigrain}, S.},
    title = "{A new look at NICMOS transmission spectroscopy of HD 189733, GJ-436 and XO-1: no conclusive evidence for molecular features}",
  journal = {\mnras},
archivePrefix = "arXiv",
   eprint = {1010.1753},
 primaryClass = "astro-ph.EP",
 keywords = {methods: data analysis, techniques: spectroscopic, stars: individual: HD 189733, stars: individual: GJ-436, stars: individual: XO-1, planetary systems},
     year = 2011,
    month = mar,
   volume = 411,
    pages = {2199-2213},
      doi = {10.1111/j.1365-2966.2010.17837.x},
   adsurl = {http://adsabs.harvard.edu/abs/2011MNRAS.411.2199G},
  adsnote = {Provided by the SAO/NASA Astrophysics Data System}
}
@ARTICLE{anders89,
   author = {{Anders}, E. and {Grevesse}, N.},
    title = "{Abundances of the elements - Meteoritic and solar}",
  journal = {\gca},
 keywords = {Abundance, Chemical Analysis, Chondrites, Meteoritic Composition, Photosphere, Solar Corona, Energetic Particles, Isotopes, Solar Wind, METEORITES, ABUNDANCE, SAMPLES, METEORITE, CI CHONDRITES, SUN, CORONA, PHOTOSPHERE, REVIEW, ELEMENTS, FRACTIONATION, SOLAR SYSTEM, NUCLIDES, SOLAR WIND, CHARGED PARTICLES, RARE GASES, REFRACTORY ELEMENTS, COMETS, SIDEROPHILES, VOLATILES, NUCLEOSYNTHESIS, HALLEY, COMPARISONS},
     year = 1989,
    month = jan,
   volume = 53,
    pages = {197-214},
      doi = {10.1016/0016-7037(89)90286-X},
   adsurl = {http://adsabs.harvard.edu/abs/1989GeCoA..53..197A},
  adsnote = {Provided by the SAO/NASA Astrophysics Data System}
}

@ARTICLE{rogers15,
   author = {{Rogers}, L.~A.},
    title = "{Most 1.6 Earth-radius Planets are Not Rocky}",
  journal = {\apj},
archivePrefix = "arXiv",
   eprint = {1407.4457},
 primaryClass = "astro-ph.EP",
 keywords = {methods: data analysis, methods: statistical, planetary systems, planets and satellites: composition, techniques: photometric, techniques: radial velocities},
     year = 2015,
    month = mar,
   volume = 801,
      eid = {41},
    pages = {41},
      doi = {10.1088/0004-637X/801/1/41},
   adsurl = {http://adsabs.harvard.edu/abs/2015ApJ...801...41R},
  adsnote = {Provided by the SAO/NASA Astrophysics Data System}
}

@ARTICLE{weiss14,
   author = {{Weiss}, L.~M. and {Marcy}, G.~W.},
    title = "{The Mass-Radius Relation for 65 Exoplanets Smaller than 4 Earth Radii}",
  journal = {\apjl},
archivePrefix = "arXiv",
   eprint = {1312.0936},
 primaryClass = "astro-ph.EP",
 keywords = {planets and satellites: composition, planets and satellites: fundamental parameters, planets and satellites: gaseous planets, planets and satellites: general, planets and satellites: terrestrial planets},
     year = 2014,
    month = mar,
   volume = 783,
      eid = {L6},
    pages = {L6},
      doi = {10.1088/2041-8205/783/1/L6},
   adsurl = {http://adsabs.harvard.edu/abs/2014ApJ...783L...6W},
  adsnote = {Provided by the SAO/NASA Astrophysics Data System}
}

@ARTICLE{eastman13,
   author = {{Eastman}, J. and {Gaudi}, B.~S. and {Agol}, E.},
    title = "{EXOFAST: A Fast Exoplanetary Fitting Suite in IDL}",
  journal = {\pasp},
archivePrefix = "arXiv",
   eprint = {1206.5798},
 primaryClass = "astro-ph.IM",
 keywords = {Data Analysis and Techniques},
     year = 2013,
    month = jan,
   volume = 125,
    pages = {83-112},
      doi = {10.1086/669497},
   adsurl = {http://adsabs.harvard.edu/abs/2013PASP..125...83E},
  adsnote = {Provided by the SAO/NASA Astrophysics Data System}
}

@ARTICLE{southworth04,
   author = {{Southworth}, J. and {Maxted}, P.~F.~L. and {Smalley}, B.},
    title = "{Eclipsing binaries in open clusters - II. V453 Cyg in NGC 6871}",
  journal = {\mnras},
   eprint = {astro-ph/0403572},
 keywords = {binaries: eclipsing, binaries: spectroscopic, stars: early-type, stars: fundamental parameters, stars: individual: V453 Cyg, open clusters and associations: individual: NGC 6871},
     year = 2004,
    month = jul,
   volume = 351,
    pages = {1277-1289},
      doi = {10.1111/j.1365-2966.2004.07871.x},
   adsurl = {http://adsabs.harvard.edu/abs/2004MNRAS.351.1277S},
  adsnote = {Provided by the SAO/NASA Astrophysics Data System}
}
@ARTICLE{gimenez06,
   author = {{Gim{\'e}nez}, A.},
    title = "{Equations for the analysis of the light curves of extra-solar planetary transits}",
  journal = {\aap},
 keywords = {techniques: photometric, stars: binaries: eclipsing, stars: planetary systems},
     year = 2006,
    month = may,
   volume = 450,
    pages = {1231-1237},
      doi = {10.1051/0004-6361:20054445},
   adsurl = {http://adsabs.harvard.edu/abs/2006A%26A...450.1231G},
  adsnote = {Provided by the SAO/NASA Astrophysics Data System}
}

@ARTICLE{parviainen15,
   author = {{Parviainen}, H.},
    title = "{PYTRANSIT: fast and easy exoplanet transit modelling in PYTHON}",
  journal = {\mnras},
archivePrefix = "arXiv",
   eprint = {1504.07433},
 primaryClass = "astro-ph.EP",
 keywords = {methods: numerical, techniques: photometric, planets and satellites: general},
     year = 2015,
    month = jul,
   volume = 450,
    pages = {3233-3238},
      doi = {10.1093/mnras/stv894},
   adsurl = {http://adsabs.harvard.edu/abs/2015MNRAS.450.3233P},
  adsnote = {Provided by the SAO/NASA Astrophysics Data System}
}

@ARTICLE{gazak12,
   author = {{Gazak}, J.~Z. and {Johnson}, J.~A. and {Tonry}, J. and {Dragomir}, D. and
        {Eastman}, J. and {Mann}, A.~W. and {Agol}, E.},
    title = "{Transit Analysis Package: An IDL Graphical User Interface for Exoplanet Transit Photometry}",
  journal = {Advances in Astronomy},
archivePrefix = "arXiv",
   eprint = {1102.1036},
 primaryClass = "astro-ph.EP",
     year = 2012,
   volume = 2012,
      eid = {697967},
    pages = {30},
      doi = {10.1155/2012/697967},
   adsurl = {http://adsabs.harvard.edu/abs/2012AdAst2012E..30G},
  adsnote = {Provided by the SAO/NASA Astrophysics Data System}
}


@ARTICLE{mandel02,
   author = {{Mandel}, K. and {Agol}, E.},
    title = "{Analytic Light Curves for Planetary Transit Searches}",
  journal = {\apjl},
   eprint = {astro-ph/0210099},
 keywords = {Stars: Binaries: Eclipsing, Eclipses, Occultations, Stars: Planetary Systems},
     year = 2002,
    month = dec,
   volume = 580,
    pages = {L171-L175},
      doi = {10.1086/345520},
   adsurl = {http://adsabs.harvard.edu/abs/2002ApJ...580L.171M},
  adsnote = {Provided by the SAO/NASA Astrophysics Data System}
}

@ARTICLE{kreidberg15a,
   author = {{Kreidberg}, L.},
    title = "{batman: BAsic Transit Model cAlculatioN in Python}",
  journal = {\pasp},
archivePrefix = "arXiv",
   eprint = {1507.08285},
 primaryClass = "astro-ph.EP",
     year = 2015,
    month = nov,
   volume = 127,
    pages = {1161},
      doi = {10.1086/683602},
   adsurl = {http://adsabs.harvard.edu/abs/2015PASP..127.1161K},
  adsnote = {Provided by the SAO/NASA Astrophysics Data System}
}

@ARTICLE{fortney05,
   author = {{Fortney}, J.~J.},
    title = "{The effect of condensates on the characterization of transiting planet atmospheres with transmission spectroscopy}",
  journal = {\mnras},
   eprint = {astro-ph/0509292},
 keywords = {radiative transfer, planetary systems},
     year = 2005,
    month = dec,
   volume = 364,
    pages = {649-653},
      doi = {10.1111/j.1365-2966.2005.09587.x},
   adsurl = {http://adsabs.harvard.edu/abs/2005MNRAS.364..649F},
  adsnote = {Provided by the SAO/NASA Astrophysics Data System}
}

@ARTICLE{seager00,
   author = {{Seager}, S. and {Sasselov}, D.~D.},
    title = "{Theoretical Transmission Spectra during Extrasolar Giant Planet Transits}",
  journal = {\apj},
   eprint = {astro-ph/9912241},
 keywords = {Stars: Planetary Systems, Radiative Transfer, Stars: Atmospheres},
     year = 2000,
    month = jul,
   volume = 537,
    pages = {916-921},
      doi = {10.1086/309088},
   adsurl = {http://adsabs.harvard.edu/abs/2000ApJ...537..916S},
  adsnote = {Provided by the SAO/NASA Astrophysics Data System}
}

@ARTICLE{snellen10,
   author = {{Snellen}, I.~A.~G. and {de Kok}, R.~J. and {de Mooij}, E.~J.~W. and 
	{Albrecht}, S.},
    title = "{The orbital motion, absolute mass and high-altitude winds of exoplanet HD209458b}",
  journal = {\nat},
archivePrefix = "arXiv",
   eprint = {1006.4364},
 primaryClass = "astro-ph.EP",
     year = 2010,
    month = jun,
   volume = 465,
    pages = {1049-1051},
      doi = {10.1038/nature09111},
   adsurl = {http://adsabs.harvard.edu/abs/2010Natur.465.1049S},
  adsnote = {Provided by the SAO/NASA Astrophysics Data System}
}
@ARTICLE{cowan08,
   author = {{Cowan}, N.~B. and {Agol}, E.},
    title = "{Inverting Phase Functions to Map Exoplanets}",
  journal = {\apjl},
archivePrefix = "arXiv",
   eprint = {0803.3622},
 keywords = {methods: data analysis, planetary systems },
     year = 2008,
    month = may,
   volume = 678,
      eid = {L129},
    pages = {L129},
      doi = {10.1086/588553},
   adsurl = {http://adsabs.harvard.edu/abs/2008ApJ...678L.129C},
  adsnote = {Provided by the SAO/NASA Astrophysics Data System}
}

@ARTICLE{knutson12,
   author = {{Knutson}, H.~A. and {Lewis}, N. and {Fortney}, J.~J. and {Burrows}, A. and 
	{Showman}, A.~P. and {Cowan}, N.~B. and {Agol}, E. and {Aigrain}, S. and 
	{Charbonneau}, D. and {Deming}, D. and {D{\'e}sert}, J.-M. and 
	{Henry}, G.~W. and {Langton}, J. and {Laughlin}, G.},
    title = "{3.6 and 4.5 {$\mu$}m Phase Curves and Evidence for Non-equilibrium Chemistry in the Atmosphere of Extrasolar Planet HD 189733b}",
  journal = {\apj},
archivePrefix = "arXiv",
   eprint = {1206.6887},
 primaryClass = "astro-ph.EP",
 keywords = {binaries: eclipsing, planetary systems, techniques: photometric},
     year = 2012,
    month = jul,
   volume = 754,
      eid = {22},
    pages = {22},
      doi = {10.1088/0004-637X/754/1/22},
   adsurl = {http://adsabs.harvard.edu/abs/2012ApJ...754...22K},
  adsnote = {Provided by the SAO/NASA Astrophysics Data System}
}


@ARTICLE{ford05,
   author = {{Ford}, E.~B.},
    title = "{Quantifying the Uncertainty in the Orbits of Extrasolar Planets}",
  journal = {\aj},
   eprint = {astro-ph/0305441},
 keywords = {Methods: Statistical, planetary systems: general, Techniques: Radial Velocities},
     year = 2005,
    month = mar,
   volume = 129,
    pages = {1706-1717},
      doi = {10.1086/427962},
   adsurl = {http://adsabs.harvard.edu/abs/2005AJ....129.1706F},
  adsnote = {Provided by the SAO/NASA Astrophysics Data System}
}

@book{sivia96,
  title={Data Analysis: A Bayesian Tutorial},
  author={Sivia, D.S.},
  isbn={9780198518891},
  lccn={96005426},
  series={Oxford science publications},
  url={https://books.google.com/books?id=wR5yljKasLsC},
  year={1996},
  publisher={Clarendon Press}
}


@ARTICLE{foremanmackey13,
   author = {{Foreman-Mackey}, D. and {Hogg}, D.~W. and {Lang}, D. and {Goodman}, J.
	},
    title = "{emcee: The MCMC Hammer}",
  journal = {\pasp},
archivePrefix = "arXiv",
   eprint = {1202.3665},
 primaryClass = "astro-ph.IM",
     year = 2013,
    month = mar,
   volume = 125,
    pages = {306},
      doi = {10.1086/670067},
   adsurl = {http://adsabs.harvard.edu/abs/2013PASP..125..306F},
  adsnote = {Provided by the SAO/NASA Astrophysics Data System}
}

@article{braak06,
	Author = {Braak, Cajo J. F. Ter},
	Doi = {10.1007/s11222-006-8769-1},
	Issn = {1573-1375},
	Journal = {Statistics and Computing},
	Number = {3},
	Pages = {239--249},
	Title = {A Markov Chain Monte Carlo version of the genetic algorithm Differential Evolution: easy Bayesian computing for real parameter spaces},
	Url = {http://dx.doi.org/10.1007/s11222-006-8769-1},
	Volume = {16},
	Year = {2006},
	Bdsk-Url-1 = {http://dx.doi.org/10.1007/s11222-006-8769-1}}

@article{goodman10,
	Author = {{Goodman}, J. and {Weare}, J.},
	Doi = {10.2140/camcos.2010.5.65},
	Journal = {Communications and Applied Mathematics and Computational Science},
	Number = {1},
	Pages = {65 - 80},
	Title = {Ensemble samplers with affine invariance},
	Volume = {5},
	Year = {2010}
}	


@ARTICLE{knutson07,
   author = {{Knutson}, H.~A. and {Charbonneau}, D. and {Allen}, L.~E. and 
	{Fortney}, J.~J. and {Agol}, E. and {Cowan}, N.~B. and {Showman}, A.~P. and 
	{Cooper}, C.~S. and {Megeath}, S.~T.},
    title = "{A map of the day-night contrast of the extrasolar planet HD 189733b}",
  journal = {\nat},
archivePrefix = "arXiv",
   eprint = {0705.0993},
     year = 2007,
    month = may,
   volume = 447,
    pages = {183-186},
      doi = {10.1038/nature05782},
   adsurl = {http://adsabs.harvard.edu/abs/2007Natur.447..183K},
  adsnote = {Provided by the SAO/NASA Astrophysics Data System}
}

@book{rasmussen05,
 author = {Rasmussen, Carl Edward and Williams, Christopher K. I.},
 title = {Gaussian Processes for Machine Learning (Adaptive Computation and Machine Learning)},
 year = {2005},
 isbn = {026218253X},
 publisher = {The MIT Press},
} 
@ARTICLE{carter09,
   author = {{Carter}, J.~A. and {Winn}, J.~N.},
    title = "{Parameter Estimation from Time-series Data with Correlated Errors: A Wavelet-based Method and its Application to Transit Light Curves}",
  journal = {\apj},
archivePrefix = "arXiv",
   eprint = {0909.0747},
 primaryClass = "astro-ph.EP",
 keywords = {methods: statistical, planetary systems, techniques: photometric},
     year = 2009,
    month = oct,
   volume = 704,
    pages = {51-67},
      doi = {10.1088/0004-637X/704/1/51},
   adsurl = {http://adsabs.harvard.edu/abs/2009ApJ...704...51C},
  adsnote = {Provided by the SAO/NASA Astrophysics Data System}
}
@ARTICLE{angerhausen15,
   author = {{Angerhausen}, D. and {DeLarme}, E. and {Morse}, J.~A.},
    title = "{A Comprehensive Study of Kepler Phase Curves and Secondary Eclipses: Temperatures and Albedos of Confirmed Kepler Giant Planets}",
  journal = {\pasp},
archivePrefix = "arXiv",
   eprint = {1404.4348},
 primaryClass = "astro-ph.SR",
     year = 2015,
    month = nov,
   volume = 127,
    pages = {1113},
      doi = {10.1086/683797},
   adsurl = {http://adsabs.harvard.edu/abs/2015PASP..127.1113A},
  adsnote = {Provided by the SAO/NASA Astrophysics Data System}
}


@ARTICLE{madhu12,
   author = {{Madhusudhan}, N. and {Burrows}, A.},
    title = "{Analytic Models for Albedos, Phase Curves, and Polarization of Reflected Light from Exoplanets}",
  journal = {\apj},
archivePrefix = "arXiv",
   eprint = {1112.4476},
 primaryClass = "astro-ph.EP",
 keywords = {planetary systems, planets and satellites: general},
     year = 2012,
    month = mar,
   volume = 747,
      eid = {25},
    pages = {25},
      doi = {10.1088/0004-637X/747/1/25},
   adsurl = {http://adsabs.harvard.edu/abs/2012ApJ...747...25M},
  adsnote = {Provided by the SAO/NASA Astrophysics Data System}
}

@ARTICLE{rauscher07,
   author = {{Rauscher}, E. and {Menou}, K. and {Seager}, S. and {Deming}, D. and 
	{Cho}, J.~Y.-K. and {Hansen}, B.~M.~S.},
    title = "{Toward Eclipse Mapping of Hot Jupiters}",
  journal = {\apj},
   eprint = {astro-ph/0612412},
 keywords = {Eclipses, Infrared: Stars, Occultations, Stars: Planetary Systems, stars: individual (HD 189733), Stars: Individual: Henry Draper Number: HD 209458, Stars: Individual: Alphanumeric: TrES-1, Techniques: High Anular Resolution},
     year = 2007,
    month = aug,
   volume = 664,
    pages = {1199-1209},
      doi = {10.1086/519213},
   adsurl = {http://adsabs.harvard.edu/abs/2007ApJ...664.1199R},
  adsnote = {Provided by the SAO/NASA Astrophysics Data System}
}



@ARTICLE{gibson11,
   author = {{Gibson}, N.~P. and {Pont}, F. and {Aigrain}, S.},
    title = "{A new look at NICMOS transmission spectroscopy of HD 189733, GJ-436 and XO-1: no conclusive evidence for molecular features}",
  journal = {\mnras},
archivePrefix = "arXiv",
   eprint = {1010.1753},
 primaryClass = "astro-ph.EP",
 keywords = {methods: data analysis, techniques: spectroscopic, stars: individual: HD 189733, stars: individual: GJ-436, stars: individual: XO-1, planetary systems},
     year = 2011,
    month = mar,
   volume = 411,
    pages = {2199-2213},
      doi = {10.1111/j.1365-2966.2010.17837.x},
   adsurl = {http://adsabs.harvard.edu/abs/2011MNRAS.411.2199G},
  adsnote = {Provided by the SAO/NASA Astrophysics Data System}
}

@BOOK{murray99,
   author = {{Murray}, C.~D. and {Dermott}, S.~F.},
    title = "{Solar system dynamics}",
booktitle = {Solar system dynamics by Murray, C.~D., 1999},
     year = 1999,
   adsurl = {http://adsabs.harvard.edu/abs/1999ssd..book.....M},
  adsnote = {Provided by the SAO/NASA Astrophysics Data System}
}

@ARTICLE{sing11,
   author = {{Sing}, D.~K. and {Pont}, F. and {Aigrain}, S. and {Charbonneau}, D. and 
	{D{\'e}sert}, J.-M. and {Gibson}, N. and {Gilliland}, R. and 
	{Hayek}, W. and {Henry}, G. and {Knutson}, H. and {Lecavelier Des Etangs}, A. and 
	{Mazeh}, T. and {Shporer}, A.},
    title = "{Hubble Space Telescope transmission spectroscopy of the exoplanet HD 189733b: high-altitude atmospheric haze in the optical and near-ultraviolet with STIS}",
  journal = {\mnras},
archivePrefix = "arXiv",
   eprint = {1103.0026},
 primaryClass = "astro-ph.EP",
 keywords = {techniques: spectroscopic, stars: individual: HD 189733, planetary systems},
     year = 2011,
    month = sep,
   volume = 416,
    pages = {1443-1455},
      doi = {10.1111/j.1365-2966.2011.19142.x},
   adsurl = {http://adsabs.harvard.edu/abs/2011MNRAS.416.1443S},
  adsnote = {Provided by the SAO/NASA Astrophysics Data System}
}

@ARTICLE{ingalls16,
   author = {{Ingalls}, J.~G. and {Krick}, J.~E. and {Carey}, S.~J. and {Stauffer}, J.~R. and 
	{Lowrance}, P.~J. and {Grillmair}, C.~J. and {Buzasi}, D. and 
	{Deming}, D. and {Diamond-Lowe}, H. and {Evans}, T.~M. and {Morello}, G. and 
	{Stevenson}, K.~B. and {Wong}, I. and {Capak}, P. and {Glaccum}, W. and 
	{Laine}, S. and {Surace}, J. and {Storrie-Lombardi}, L.},
    title = "{Repeatability and Accuracy of Exoplanet Eclipse Depths Measured with Post-cryogenic Spitzer}",
  journal = {\aj},
archivePrefix = "arXiv",
   eprint = {1601.05101},
 primaryClass = "astro-ph.IM",
 keywords = {infrared: planetary systems, methods: data analysis, methods: statistical},
     year = 2016,
    month = aug,
   volume = 152,
      eid = {44},
    pages = {44},
      doi = {10.3847/0004-6256/152/2/44},
   adsurl = {http://adsabs.harvard.edu/abs/2016AJ....152...44I},
  adsnote = {Provided by the SAO/NASA Astrophysics Data System}
}

@ARTICLE{bean13,
   author = {{Bean}, J.~L. and {D{\'e}sert}, J.-M. and {Seifahrt}, A. and 
	{Madhusudhan}, N. and {Chilingarian}, I. and {Homeier}, D. and 
	{Szentgyorgyi}, A.},
    title = "{Ground-based Transit Spectroscopy of the Hot-Jupiter WASP-19b in the Near-infrared}",
  journal = {\apj},
archivePrefix = "arXiv",
   eprint = {1303.1094},
 primaryClass = "astro-ph.EP",
 keywords = {planets and satellites: atmospheres, planets and satellites: individual: WASP-19b, techniques: photometric },
     year = 2013,
    month = jul,
   volume = 771,
      eid = {108},
    pages = {108},
      doi = {10.1088/0004-637X/771/2/108},
   adsurl = {http://adsabs.harvard.edu/abs/2013ApJ...771..108B},
  adsnote = {Provided by the SAO/NASA Astrophysics Data System}
}

@ARTICLE{mccullough14,
   author = {{McCullough}, P.~R. and {Crouzet}, N. and {Deming}, D. and {Madhusudhan}, N.
	},
    title = "{Water Vapor in the Spectrum of the Extrasolar Planet HD 189733b. I. The Transit}",
  journal = {\apj},
archivePrefix = "arXiv",
   eprint = {1407.2462},
 primaryClass = "astro-ph.SR",
 keywords = {planetary systems, planets and satellites: atmospheres, stars: individual: HD 189733, techniques: spectroscopic},
     year = 2014,
    month = aug,
   volume = 791,
      eid = {55},
    pages = {55},
      doi = {10.1088/0004-637X/791/1/55},
   adsurl = {http://adsabs.harvard.edu/abs/2014ApJ...791...55M},
  adsnote = {Provided by the SAO/NASA Astrophysics Data System}
}


@ARTICLE{raghavan10,
   author = {{Raghavan}, D. and {McAlister}, H.~A. and {Henry}, T.~J. and 
	{Latham}, D.~W. and {Marcy}, G.~W. and {Mason}, B.~D. and {Gies}, D.~R. and 
	{White}, R.~J. and {ten Brummelaar}, T.~A.},
    title = "{A Survey of Stellar Families: Multiplicity of Solar-type Stars}",
  journal = {\apjs},
archivePrefix = "arXiv",
   eprint = {1007.0414},
 primaryClass = "astro-ph.SR",
 keywords = {binaries: general, planetary systems, stars: solar-type, stars: statistics, surveys},
     year = 2010,
    month = sep,
   volume = 190,
    pages = {1-42},
      doi = {10.1088/0067-0049/190/1/1},
   adsurl = {http://adsabs.harvard.edu/abs/2010ApJS..190....1R},
  adsnote = {Provided by the SAO/NASA Astrophysics Data System}
}


@ARTICLE{bechter14,
   author = {{Bechter}, E.~B. and {Crepp}, J.~R. and {Ngo}, H. and {Knutson}, H.~A. and 
	{Batygin}, K. and {Hinkley}, S. and {Muirhead}, P.~S. and {Johnson}, J.~A. and 
	{Howard}, A.~W. and {Montet}, B.~T. and {Matthews}, C.~T. and 
	{Morton}, T.~D.},
    title = "{WASP-12b and HAT-P-8b are Members of Triple Star Systems}",
  journal = {\apj},
archivePrefix = "arXiv",
   eprint = {1307.6857},
 primaryClass = "astro-ph.EP",
 keywords = {astrometry, stars: individual: WASP-12 HAT-P-8, techniques: high angular resolution, techniques: photometric},
     year = 2014,
    month = jun,
   volume = 788,
      eid = {2},
    pages = {2},
      doi = {10.1088/0004-637X/788/1/2},
   adsurl = {http://adsabs.harvard.edu/abs/2014ApJ...788....2B},
  adsnote = {Provided by the SAO/NASA Astrophysics Data System}
}

