@ARTICLE{2013A&A...550A..67P,
   author = {{Parviainen}, H. and {Deeg}, H.~J. and {Belmonte}, J.~A.},
    title = "{Secondary eclipses in the CoRoT light curves. A homogeneous search based on Bayesian model selection}",
  journal = {\aap},
archivePrefix = "arXiv",
   eprint = {1211.5361},
 primaryClass = "astro-ph.EP",
 keywords = {planetary systems, eclipses, methods: statistical},
     year = 2013,
    month = feb,
   volume = 550,
      eid = {A67},
    pages = {A67},
      doi = {10.1051/0004-6361/201220081},
   adsurl = {http://adsabs.harvard.edu/abs/2013A%26A...550A..67P},
  adsnote = {Provided by the SAO/NASA Astrophysics Data System}
}

@ARTICLE{akaike74,   
author = {{Akaike}, H.},
    title = "{A New Look at the Statistical Model Identification}",
  journal = {IEEE Transactions on Automatic Control},
     year = 1974,
   volume = 19,
    pages = {716-723},
   adsurl = {http://cdsads.u-strasbg.fr/abs/1974ITAC...19..716A},
  adsnote = {Provided by the Smithsonian/NASA Astrophysics Data System}
}


@book{all73,
author= "Allen, C.W.",
title="Astrophysical Quantities",
year = 1973,
publisher="London: Athlone Press",
}

@INPROCEEDINGS{almenara+07,
   author = {{Almenara}, J.~M. and {Deeg}, H.~J. and {R{\'e}gulo}, C. and 
	{Alonso}, R.},
    title = "{Comparison of False Alarm Rejection Methods used in CoRoT Blind Test 2}",
booktitle = {Transiting Extrapolar Planets Workshop},
     year = 2007,
   series = {Astronomical Society of the Pacific Conference Series},
   volume = 366,
   editor = {{Afonso}, C. and {Weldrake}, D. and {Henning}, T.},
    month = jul,
    pages = {183-+},
   adsurl = {http://cdsads.u-strasbg.fr/abs/2007ASPC..366..183A},
  adsnote = {Provided by the SAO/NASA Astrophysics Data System}
}

@ARTICLE{almenara09,
   author = {{Almenara}, J.~M. and {Deeg}, H.~J. and {Aigrain}, S. and {Alonso}, R. and 
	{Auvergne}, M. and {Baglin}, A. and {Barbieri}, M. and {Barge}, P. and 
	{Bord{\'e}}, P. and {Bouchy}, F. and {Bruntt}, H. and {Cabrera}, J. and 
	{Carone}, L. and {Carpano}, S. and {Catala}, C. and {Csizmadia}, S. and 
	{de La Reza}, R. and {Deleuil}, M. and {Dvorak}, R. and {Erikson}, A. and 
	{Fridlund}, M. and {Gandolfi}, D. and {Gillon}, M. and {Gondoin}, P. and 
	{Guenther}, E. and {Guillot}, T. and {Hatzes}, A. and {H{\'e}brard}, G. and 
	{Jorda}, L. and {Lammer}, H. and {L{\'e}ger}, A. and {Llebaria}, A. and 
	{Loeillet}, B. and {Magain}, P. and {Mayor}, M. and {Mazeh}, T. and 
	{Moutou}, C. and {Ollivier}, M. and {P{\"a}tzold}, M. and {Pont}, F. and 
	{Queloz}, D. and {Rauer}, H. and {R{\'e}gulo}, C. and {Renner}, S. and 
	{Rouan}, D. and {Samuel}, B. and {Schneider}, J. and {Shporer}, A. and 
	{Wuchterl}, G. and {Zucker}, S.},
    title = "{Rate and nature of false positives in the CoRoT exoplanet search}",
  journal = {\aap},
archivePrefix = "arXiv",
   eprint = {0908.1172},
 primaryClass = "astro-ph.EP",
 keywords = {techniques: photometric, stars: binaries: eclipsing, stars: planetary systems},
     year = 2009,
    month = oct,
   volume = 506,
    pages = {337-341},
      doi = {10.1051/0004-6361/200911926},
   adsurl = {http://esoads.eso.org/abs/2009A%26A...506..337A},
  adsnote = {Provided by the SAO/NASA Astrophysics Data System}
}

@INPROCEEDINGS{Boisnard06,
   author = {{Boisnard}, L. and {Auvergne}, M.},
    title = "{CoRoT in Brief}",
booktitle = {ESA Special Publication},
     year = 2006,
   series = {ESA Special Publication},
   volume = 1306,
   editor = {{Fridlund}, M. and {Baglin}, A. and {Lochard}, J. and {Conroy}, L.
	},
    month = nov,
    pages = {19-22},
   adsurl = {http://esoads.eso.org/abs/2006ESASP1306...19B},
  adsnote = {Provided by the SAO/NASA Astrophysics Data System}
}

@BOOK{giclas+71,
   author = {{Giclas}, H.~L. and {Burnham}, R. and {Thomas}, N.~G.},
    title = "{Lowell proper motion survey Northern Hemisphere. The G numbered stars. 8991 stars fainter than magnitude 8 with motions larger than 0.26''/year}",
publisher = {Flagstaff, Arizona: Lowell Observatory},
     year = 1971,
   adsurl = {http://cdsads.u-strasbg.fr/cgi-bin/nph-bib_query?bibcode=1971lpms.book.....G&db_key=AST},
  adsnote = {Provided by the Smithsonian/NASA Astrophysics Data System}
}

@phdthesis{AlmenaraThesis10,
title={Detecci{\'o}n de planetas en sistemas binarios eclipsantes},
author={Almenara, J.M.},
school={Univ. de La Laguna, Tenerife, Spain},
year= 2010,
}

@INPROCEEDINGS{2015hae..book.1501B,
   author = {{Belmonte}, J.~A.},
    title = "{Orientation of Egyptian Temples: An Overview}",
 keywords = {Physics},
booktitle = {Handbook of Archaeoastronomy and Ethnoastronomy},
     year = 2015,
   editor = {{Ruggles}, C.~L.~N.},
    pages = {1501-1506},
      doi = {10.1007/978-1-4614-6141-8_146},
   adsurl = {http://adsabs.harvard.edu/abs/2015hae..book.1501B},
  adsnote = {Provided by the SAO/NASA Astrophysics Data System}
}


